@misc{stichtingnlnetlabs_2025_local,
  author = {Stichting NLnet Labs},
  title = {Local DNS (Stub) Resolver for a Single Machine — Unbound 1.23.0 Documentation},
  url = {https://unbound.docs.nlnetlabs.nl/en/latest/use-cases/local-stub.html},
  urldate = {2025-05-10},
  year = {2025},
  organization = {Nlnetlabs.nl}
}

@misc{dobrogost_2018_how,
  author = {Dobrogost, Piotr},
  month = {05},
  title = {How to configure systemd-resolved and systemd-networkd to use local DNS server for resolving local domains and remote DNS server for remote domains?},
  url = {https://unix.stackexchange.com/a/442599},
  urldate = {2025-05-10},
  year = {2018},
  organization = {Unix & Linux Stack Exchange}
}

@misc{_2011_how,
  author = {, con-f-use},
  month = {03},
  title = {How do I mount shared folders in Ubuntu using VMware tools?},
  url = {https://askubuntu.com/a/1051620},
  urldate = {2025-05-10},
  year = {2011},
  organization = {Ask Ubuntu}
}

@misc{fedora_2020_virtualization,
  author = {Fedora},
  title = {Virtualization – Getting Started},
  url = {https://docs.fedoraproject.org/en-US/quick-docs/virtualization-getting-started/},
  urldate = {2025-05-10},
  year = {2020},
  organization = {Fedora Docs}
}

@misc{rosh_2023_address,
  author = {Rosh, Anton},
  month = {05},
  title = {"Address Already in Use": A Simple Guide to Freeing Up Ports},
  url = {https://dev.to/antonrosh/address-already-in-use-a-simple-guide-to-freeing-up-ports-54g5},
  urldate = {2025-05-10},
  year = {2023},
  organization = {DEV Community}
}

@misc{vandijk_2018_a,
  author = {van Dijk, Peter},
  title = {A warm welcome to DNS},
  url = {https://powerdns.org/hello-dns/},
  urldate = {2025-05-10},
  year = {2018},
  organization = {Powerdns.org}
}

@misc{_2016_send,
  author = {, cb0},
  month = {05},
  title = {Send String over netcat connection},
  url = {https://stackoverflow.com/questions/37389178/send-string-over-netcat-connection#37389512},
  urldate = {2025-05-10},
  year = {2016},
  organization = {Stack Overflow}
}

@misc{raabe_2011_how,
  author = {Raabe, Frerich},
  month = {10},
  title = {How to turn off buffering of stdout in C},
  url = {https://stackoverflow.com/a/7876756},
  urldate = {2025-05-10},
  year = {2011},
  organization = {Stack Overflow}
}

@misc{fedora_2025_glibcstatic,
  author = {Fedora},
  title = {glibc-static - Fedora Packages},
  url = {https://packages.fedoraproject.org/pkgs/glibc/glibc-static/index.html},
  urldate = {2025-05-10},
  year = {2025},
  organization = {Fedoraproject.org}
}

@misc{leffler_2010_is,
  author = {Leffler, Jonathan},
  month = {02},
  title = {Is there a way to specify how many characters of a string to print out using printf()?},
  url = {https://stackoverflow.com/questions/2239519/is-there-a-way-to-specify-how-many-characters-of-a-string-to-print-out-using-pri#2239571},
  urldate = {2025-05-10},
  year = {2010},
  organization = {Stack Overflow}
}

@misc{firecrackermicrovm_2017_firecrackerdocsinitrdmd,
  author = {firecracker-microvm},
  title = {firecracker/docs/initrd.md at v1.11.0 · firecracker-microvm/firecracker},
  url = {https://github.com/firecracker-microvm/firecracker/blob/v1.11.0/docs/initrd.md},
  urldate = {2025-05-10},
  year = {2017},
  organization = {GitHub}
}

@misc{firecrackermicrovm_2017_firecrackerdocsnetworksetupmd,
  author = {firecracker-microvm},
  title = {firecracker/docs/network-setup.md at v1.11.0 · firecracker-microvm/firecracker},
  url = {https://github.com/firecracker-microvm/firecracker/blob/v1.11.0/docs/network-setup.md},
  urldate = {2025-05-10},
  year = {2017},
  organization = {GitHub}
}

@misc{wikipediacontributors_2025_domain,
  author = {Wikipedia Contributors},
  month = {04},
  publisher = {Wikimedia Foundation},
  title = {Domain Name System},
  url = {https://en.wikipedia.org/wiki/Domain_Name_System#DNS_message_format},
  year = {2025},
  organization = {Wikipedia}
}

@misc{adhikari_2024_difference,
  author = {Adhikari, Piyush},
  month = {10},
  title = {Difference Between ufw vs. nftables vs. iptables},
  url = {https://www.baeldung.com/linux/ufw-nftables-iptables-comparison},
  year = {2024},
  organization = {Baeldung on Linux}
}

@misc{firecrackermicrovm_2017_firecrackerdocsgettingstartedmd,
  author = {firecracker-microvm},
  title = {firecracker/docs/getting-started.md at v1.11.0 · firecracker-microvm/firecracker},
  url = {https://github.com/firecracker-microvm/firecracker/blob/v1.11.0/docs/getting-started.md},
  urldate = {2025-05-10},
  year = {2017},
  organization = {GitHub}
}

@misc{firecrackermicrovm_2017_firecrackerdocsdesignmd,
  author = {firecracker-microvm},
  title = {firecracker/docs/design.md at v1.11.0 · firecracker-microvm/firecracker},
  url = {https://github.com/firecracker-microvm/firecracker/blob/v1.11.0/docs/design.md},
  urldate = {2025-05-10},
  year = {2017},
  organization = {GitHub}
}

@misc{firecrackermicrovm_2017_firecrackerdocsdevmachinesetupmd,
  author = {firecracker-microvm},
  title = {firecracker/docs/dev-machine-setup.md at v1.11.0 · firecracker-microvm/firecracker},
  url = {https://github.com/firecracker-microvm/firecracker/blob/v1.11.0/docs/dev-machine-setup.md},
  urldate = {2025-05-10},
  year = {2017},
  organization = {GitHub}
}

@misc{firecrackermicrovm_2017_firecrackerdocskernelpolicymd,
  author = {firecracker-microvm},
  title = {firecracker/docs/kernel-policy.md at v1.11.0 · firecracker-microvm/firecracker},
  url = {https://github.com/firecracker-microvm/firecracker/blob/v1.11.0/docs/kernel-policy.md},
  urldate = {2025-05-10},
  year = {2017},
  organization = {GitHub}
}

@misc{firecracker_2025_firecracker,
  author = {Firecracker},
  title = {Firecracker},
  url = {https://firecracker-microvm.github.io/},
  year = {2025},
  organization = {firecracker-microvm.github.io}
}

@misc{_2017_tap,
  author = {, chrk},
  month = {02},
  title = {Tap interfaces and /dev/net/tun device, using ip tuntap command},
  url = {https://stackoverflow.com/a/42069894},
  year = {2017},
  organization = {Stack Overflow}
}

@misc{_2023_how,
  author = {, A.B},
  month = {03},
  title = {How do I get the interface name created with `ip tuntap add mode tap`},
  url = {https://unix.stackexchange.com/a/740215},
  urldate = {2025-05-10},
  year = {2023},
  organization = {Unix & Linux Stack Exchange}
}

@misc{wikipediacontributors_2019_list,
  author = {Wikipedia Contributors},
  month = {11},
  publisher = {Wikimedia Foundation},
  title = {List of DNS record types},
  url = {https://en.wikipedia.org/wiki/List_of_DNS_record_types},
  year = {2019},
  organization = {Wikipedia}
}

@misc{_2009_finding,
  author = {,  user4358},
  month = {09},
  title = {Finding the process that is using a certain port in Linux},
  url = {https://superuser.com/a/42849},
  urldate = {2025-05-10},
  year = {2009},
  organization = {Super User}
}

@misc{brunkhorst_2016_c11regex,
  author = {Brunkhorst, Austin},
  month = {10},
  title = {c++11/regex - search for exact string, escape},
  url = {https://stackoverflow.com/a/40195721},
  year = {2016},
  organization = {Stack Overflow}
}

@misc{firasdib_2019_regex101,
  author = {Firas Dib},
  title = {Regex101 - online regex editor and debugger},
  url = {https://regex101.com/},
  year = {2019},
  organization = {@regex101}
}

@misc{chalios_2024_bug,
  author = {Chalios , Babis},
  month = {09},
  title = {[Bug] Unable to boot with new(er) kernel · Issue #4816 · firecracker-microvm/firecracker},
  url = {https://github.com/firecracker-microvm/firecracker/issues/4816#issuecomment-2378812152},
  urldate = {2025-05-10},
  year = {2024},
  organization = {GitHub}
}